@TechReport{cyan:2018,
  Title = {The Cyan Language},
  Author = {Guimarães, José de Oliveira},
  Year = {2018}
}

@article{taxonomy:2015,
  Title = {Taxonomy of the fundamental concepts of metaprogramming},
  Author = {Dama{\v{s}}evi{\v{c}}ius, Robertas and {\v{S}}tuikys, Vytautas},
  Year = {2015}
}

@TechReport{metaobject:2018,
	Title = {The Cyan Language Metaobject Protocol},
	Author = {Guimarães, José de Oliveira},
	Year = {2018}
}

@TechReport{vieira:2010,
  Title = {Implementation of an Object-Oriented Specification for Active Replication Using Consensus},
  Author = {Vieira, Gustavo Maciel Dias and Buzato,Luiz Eduardo},
  Year  = {2010}
}

@InProceedings{vieira:2008,
  Title = {{T}replica: Ubiquitous replication},
  Author = {Gustavo Maciel Dias Vieira and Luiz Eduardo Buzato},
  Year = {2008}
}

@InProceedings{fellipe:2018,
	Title = {Replicação Orientada a Metaprogramação},
	Author = {Ugliara, Fellipe augusto},
	Year = {2018}
}

@InProceedings{sblp:2018,
	Title = {Transparent Replication Using Metaprogramming in Cyan},
	Author = {Ugliara, Fellipe augusto and Vieira, Gustavo Maciel Dias and Guimarães, José de Oliveira},
	Year = {2018}
}