@article{copeland2007church,
  title={The church-turing thesis},
  author={Copeland, Jack},
  journal={NeuroQuantology},
  volume={2},
  number={2},
  year={2007}
}

@article{chomsky1955logical,
  title={Logical syntax and semantics: Their linguistic relevance},
  author={Chomsky, Noam},
  journal={Language},
  volume={31},
  number={1},
  pages={36--45},
  year={1955},
  publisher={JSTOR}
}

@article{hitz1995measuring,
  title={Measuring coupling and cohesion in object-oriented systems},
  author={Hitz, Martin and Montazeri, Behzad},
  year={1995},
  publisher={na}
}

@techreport{eder1994coupling,
  title={Coupling and cohesion in object-oriented systems},
  author={Eder, Johann and Kappel, Gerti and Schrefl, Michael},
  year={1994},
  institution={Citeseer}
}

@article{anton1997goal,
  title={Goal identification and refinement in the specification of software-based information systems},
  author={Anton, Ana I},
  year={1997},
  publisher={Georgia Institute of Technology}
}

@inproceedings{glossary1990ieee,
  title={Standard Glossary of Software Engineering Terminology},
  year={1990},
  organization={IEEE}
}

@inproceedings{glinz2007non,
  title={On non-functional requirements},
  author={Glinz, Martin},
  booktitle={Requirements Engineering Conference, 2007. RE'07. 15th IEEE International},
  pages={21--26},
  year={2007},
  organization={IEEE}
}

@inproceedings{wiesmann2000understanding,
  title={Understanding replication in databases and distributed systems},
  author={Wiesmann, Matthias and Pedone, Fernando and Schiper, Andr{\'e} and Kemme, Bettina and Alonso, Gustavo},
  booktitle={Distributed Computing Systems, 2000. Proceedings. 20th International Conference on},
  pages={464--474},
  year={2000},
  organization={IEEE}
}

@book{dershem1995programming,
  title={Programming languages: structures and models},
  author={Dershem, Herbert L and Jipping, Michael J},
  year={1995},
  publisher={ITP}
}

@book{fischer1993anatomy,
  title={The anatomy of programming languages},
  author={Fischer, Alice E and Grodzinsky, Frances S},
  year={1993},
  publisher={Prentice Hall}
}

@article{dagum1998openmp,
  title={OpenMP: an industry standard API for shared-memory programming},
  author={Dagum, Leonardo and Menon, Ramesh},
  journal={IEEE computational science and engineering},
  volume={5},
  number={1},
  pages={46--55},
  year={1998},
  publisher={IEEE}
}

@inproceedings{wienke2012openacc,
  title={OpenACC—first experiences with real-world applications},
  author={Wienke, Sandra and Springer, Paul and Terboven, Christian and an Mey, Dieter},
  booktitle={European Conference on Parallel Processing},
  pages={859--870},
  year={2012},
  organization={Springer}
}

@article{vogels2009,
 author = {Vogels, Werner},
 title = {Eventually Consistent},
 journal = {Commun. ACM},
 issue_date = {January 2009},
 volume = {52},
 number = {1},
 month = jan,
 year = {2009},
 issn = {0001-0782},
 pages = {40--44},
 numpages = {5},
 url = {http://doi.acm.org/10.1145/1435417.1435432},
 doi = {10.1145/1435417.1435432},
 acmid = {1435432},
 publisher = {ACM},
 address = {New York, NY, USA},
}

@article{lamport2006fast,
  Title = {Fast {Paxos}},
  Author = {Lamport, Leslie},
  Journal = {Distributed Computing},
  Volume = {19},
  Number = {2},
  Pages = {79--103},
  Year =  {2006},
  Publisher = {Springer}
}

@article{schneider1990implementing,
  Title = {Implementing fault-tolerant services using the state machine approach: A tutorial},
  Author = {Schneider, Fred B},
  Journal = {ACM Computing Surveys (CSUR)},
  Volume = {22},
  Number = {4},
  Pages = {299--319},
  Year = {1990},
  Publisher = {ACM}
}

@book{andrew2007distributed,
  Author = {Andrew S. Tanenbaum and Maarten Van Steen},
  Title = {Distributed Systems: Principles and Paradigms (2nd Edition)},
  Publisher = {Pearson},
  Year =  {2006},
  ISBN = {0132392275}
}

@book{cachin2011introduction,
  Author = {Christian Cachin and Rachid Guerraoui and Luís Rodrigues},
  Title = {Introduction to Reliable and Secure Distributed Programming},
  Publisher = {Springer},
  Year =  {2011},
  ISBN = {3642152597}
}

@inproceedings{burrows2006chubby,
  Title = {The {Chubby} lock service for loosely-coupled distributed systems},
  Author = {Burrows, Mike},
  Booktitle = {Proceedings of the 7th symposium on Operating systems design and implementation},
  Pages = {335--350},
  Year = {2006},
  Organization = {USENIX Association}
}

@inproceedings{chlipala2013bedrock,
  Title = {The Bedrock structured programming system: Combining generative metaprogramming and Hoare logic in an extensible program verifier},
  Author = {Chlipala, Adam},
  Booktitle = {ACM SIGPLAN Notices},
  Volume = {48},
  Number = {9},
  Pages = {391--402},
  Year = {2013},
  Organization = {ACM}
}

@inproceedings{marr2015zero,
  Title = {Zero-overhead metaprogramming: Reflection and metaobject protocols fast and without compromises},
  Author = {Marr, Stefan and Seaton, Chris and Ducasse, St{\'e}phane},
  Booktitle = {ACM SIGPLAN Notices},
  Volume = {50},
  Number = {6},
  Pages = {545--554},
  Year = {2015},
  Organization = {ACM}
}

@article{filman2002source,
  Title = {Source-code instrumentation and quantification of events},
  Author = {Filman, Robert E and Havelund, Klaus},
  Journal = {NASA Form},
  Number = {1676},
  Year = {2002},
  Publisher = {NASA Ames Research Center}
}

@article{mili1995reusing,
  Title = {Reusing software: Issues and research directions},
  Author = {Mili, Hafedh and Mili, Fatma and Mili, Ali},
  Journal = {IEEE transactions on Software Engineering},
  Volume = {21},
  Number = {6},
  Pages = {528--562},
  Year = {1995},
  Publisher = {IEEE}
}

@inproceedings{rentschler2014designing,
  Title = {Designing information hiding modularity for model transformation languages},
  Author = {Rentschler, Andreas and Werle, Dominik and Noorshams, Qais and Happe, Lucia and Reussner, Ralf},
  Booktitle = {Proceedings of the 13th International Conference on Modularity},
  Pages = {217--228},
  Year = {2014},
  Organization = {ACM}
}

@inproceedings{tourwe2003identifying,
  Title = {Identifying refactoring opportunities using logic meta programming},
  Author = {Tourw{\'e}, Tom and Mens, Tom},
  Booktitle = {Software Maintenance and Reengineering, 2003. Proceedings. Seventh European Conference on},
  Pages = {91--100},
  Year = {2003},
  Organization = {IEEE}
}

@inproceedings{blewitt2005automatic,
  Title = {Automatic verification of design patterns in {Java}},
  Author = {Blewitt, Alex and Bundy, Alan and Stark, Ian},
  Booktitle = {Proceedings of the 20th IEEE/ACM International Conference on Automated Software Engineering},
  Pages = {224--232},
  Year = {2005},
  Organization = {ACM}
}

@TechReport{guimaraes2013cyan,
  Title = {The Cyan Language},
  Author = {GuimarÃes, Jos{\'e} de Oliveira},
  institution={Campus de Sorocaba da UFSCar},
  Year = {2018},
  Url = {http://cyan-lang.org/wp-content/uploads/2018/02/The-Cyan-Language.pdf}
}

@article{mekruksavanich2012analytical,
  Title = {Analytical learning based on a meta-programming approach for the detection of object-oriented design defects},
  Author = {Mekruksavanich, Sakorn and Yupapin, Preecha P and Muenchaisri, Pornsiri},
  Journal = {Information Technology Journal},
  Volume = {11},
  Number = {12},
  Pages = {1677},
  Year = {2012},
  Publisher = {Asian Network for Scientific Information (ANSINET)}
}

@inproceedings{miao2014compile,
  Title = {Compile-time reflection and metaprogramming for {Java}},
  Author = {Miao, Weiyu and Siek, Jeremy},
  Booktitle = {Proceedings of the ACM SIGPLAN 2014 Workshop on Partial Evaluation and Program Manipulation},
  Pages = {27--37},
  Year = {2014},
  Organization = {ACM}
}

@TechReport{vieira2010implementation,
  Title = {Implementation of an Object-Oriented Specification for Active Replication Using Consensus},
  Author = {Vieira, Gustavo Maciel Dias and Buzato,Luiz Eduardo},
  Institution = {Institute of Computing, University of Campinas},
  Year  = {2010},
  Month = aug,
  Number = {IC-10-26},
  File = {vieira-tr10b.pdf:artigos/vieira-tr10b.pdf:PDF},
  Keywords = {active replication, middleware, paxos, implementation, persistent queues},
  Owner = {gdvieira},
  Timestamp = {2010.08.25},
  Url = {http://www.ic.unicamp.br/~reltech/2010/10-26.pdf}
}

@InProceedings{vieira08a,
  Title                    = {{T}replica: Ubiquitous replication},
  Author                   = {Gustavo Maciel Dias Vieira and Luiz Eduardo Buzato},
  Booktitle                = {SBRC '08: Proc. of the 26th Brazilian Symposium on Computer Networks and Distributed Systems},
  Year                     = {2008},

  Address                  = {Rio de Janeiro, Brasil},
  Month                    = may,

  File                     = {vieira08a.pdf:artigos/vieira08a.pdf:PDF},
  Keywords                 = {persistent queues, active replication, paxos, middleware},
  Owner                    = {gdvieira},
  Timestamp                = {2008.12.05},
  Url                      = {http://www.lbd.dcc.ufmg.br/bdbcomp/servlet/Trabalho?id=7450}
}


@techreport{altinbuken2012commodifying,
  Title = {Commodifying replicated state machines with {OpenReplica}},
  Author = {Alt{\i}nb{\"u}ken, Deniz and Sirer, Emin G{\"u}n},
  Year = {2012},
  Institution = {Cornell University, Technical Report}
}

@article{damavsevivcius2015taxonomy,
  Title = {Taxonomy of the fundamental concepts of metaprogramming},
  Author = {Dama{\v{s}}evi{\v{c}}ius, Robertas and {\v{S}}tuikys, Vytautas},
  Journal = {Information Technology and Control},
  Volume = {37},
  Number = {2},
  Year = {2015}
}

@TechReport{josemetalangcyan,
	Title = {The Cyan Language Metaobject Protocol},
	Author = {GuimarÃes, Jose de Oliveira},
	Year = {2018},
	Url  = {http://cyan-lang.org/the-cyan-mop/}
}

@mastersThesis{kamil2005,
    author     =     {Kamil Skalski},
    title     =     {{Syntax-extending and type-reflecting macros in an object-oriented language}},
    school     =     {University of Wroclaw},
    address     =     {Poland},
    year     =     {2005},
}

@book{koenig2007groovy,
  title={Groovy in action},
  author={Koenig, Dierk and Glover, Andrew and King, Paul and Laforge, Guillaume and Skeet, Jon},
  year={2007},
  publisher={Manning Publications Co.}
}

@Book{Gamma:1995:DPE:186897,
  Title                    = {Design Patterns: Elements of Reusable Object-oriented Software},
  Author                   = {Gamma, Erich and Helm, Richard and Johnson, Ralph and Vlissides, John},
  Publisher                = {Addison-Wesley Longman Publishing Co., Inc.},
  Year                     = {1995},

  Address                  = {Boston, MA, USA},

  ISBN                     = {0-201-63361-2}
}



@book{Gosling:2014:JLS:2636997,
 author = {Gosling, James and Joy, Bill and Steele, Guy L. and Bracha, Gilad and Buckley, Alex},
 title = {The Java Language Specification, Java SE 8 Edition},
 year = {2014},
 isbn = {013390069X, 9780133900699},
 edition = {1st},
 publisher = {Addison-Wesley Professional},
}



@inproceedings{conf/ecoop/KiczalesLMMLLI97,
  added-at = {2017-02-07T00:00:00.000+0100},
  author = {Kiczales, Gregor and Lamping, John and Mendhekar, Anurag and Maeda, Chris and Lopes, Cristina Videira and Loingtier, Jean-Marc and Irwin, John},
  biburl = {https://www.bibsonomy.org/bibtex/25a4a08bb8d6ce0b50b18da4c7e5609cd/dblp},
  booktitle = {ECOOP},
  crossref = {conf/ecoop/97},
  editor = {Aksit, Mehmet and Matsuoka, Satoshi},
  ee = {http://dx.doi.org/10.1007/BFb0053381},
  interhash = {bbeb09e8d34d46e6c62d9bbe41290ccf},
  intrahash = {5a4a08bb8d6ce0b50b18da4c7e5609cd},
  isbn = {3-540-63089-9},
  keywords = {dblp},
  pages = {220-242},
  publisher = {Springer},
  series = {Lecture Notes in Computer Science},
  timestamp = {2017-02-08T11:35:27.000+0100},
  title = {Aspect-Oriented Programming.},
  url = {http://dblp.uni-trier.de/db/conf/ecoop/ecoop97.html#KiczalesLMMLLI97},
  volume = 1241,
  year = 1997
}


@book{Goldberg:1983:SLI:273,
 author = {Goldberg, Adele and Robson, David},
 title = {Smalltalk-80: The Language and Its Implementation},
 year = {1983},
 isbn = {0-201-11371-6},
 publisher = {Addison-Wesley Longman Publishing Co., Inc.},
 address = {Boston, MA, USA},
}



@article{Kiczales:2003:ATA,
  acknowledgement = {Nelson H. F. Beebe, University of Utah, Department
         of Mathematics, 110 LCB, 155 S 1400 E RM 233, Salt Lake
         City, UT 84112-0090, USA, Tel: +1 801 581 5254, FAX: +1
         801 581 4148, e-mail: \path|beebe@math.utah.edu|,
         \path|beebe@acm.org|, \path|beebe@computer.org|
         (Internet), URL:
         \path|http://www.math.utah.edu/~beebe/|},
  added-at = {2006-09-12T12:20:12.000+0200},
  author = {Kiczales, G.},
  bibdate = {Tue Apr 1 06:09:06 MST 2003},
  bibsource = {Ingenta database},
  biburl = {https://www.bibsonomy.org/bibtex/20897cebcb3f5c664d16bb12692e8d4c2/fparreiras},
  coden = {LNCSD9},
  description = {Introduces AspectJ, a tool for implementing ASP in java. maps the concepts of jointpoints},
  interhash = {1833c8634a15196921cd376d4f6cb833},
  intrahash = {0897cebcb3f5c664d16bb12692e8d4c2},
  issn = {0302-9743},
  journal = {Lecture Notes in Computer Science},
  keywords = {jointpoint java aop aspectj crosscut},
  pages = 1,
  timestamp = {2006-09-12T12:20:12.000+0200},
  title = {{AspectJ}(tm): Aspect-Oriented Programming in {Java}},
  volume = 2591,
  year = 2003
}


@article{kiczales01overview,
  added-at = {2010-10-27T03:36:35.000+0200},
  author = {Kiczales, Gregor and Hilsdale, Erik and Hugunin, Jim and Kersten, Mik and Palm, Jeffrey and Griswold, William G.},
  biburl = {https://www.bibsonomy.org/bibtex/298a53626979908331970edc97e14a308/liangzk},
  interhash = {039e447721ed6b71e093511d48b5b4f3},
  intrahash = {98a53626979908331970edc97e14a308},
  journal = {Lecture Notes in Computer Science},
  keywords = {},
  pages = {327--355},
  timestamp = {2010-10-27T03:36:35.000+0200},
  title = {An Overview of {AspectJ}},
  url = {citeseer.nj.nec.com/kiczales01overview.html},
  volume = 2072,
  year = 2001
}


@book{DBLP:books/daglib/0072762,
  author    = {G{\"{u}}nther Blaschek},
  title     = {Object-oriented programming with prototypes},
  publisher = {Springer},
  year      = {1994},
  url       = {http://www.worldcat.org/oclc/29361389},
  isbn      = {978-3-540-56469-0},
  timestamp = {Wed, 31 May 2017 10:38:21 +0200},
  biburl    = {http://dblp.uni-trier.de/rec/bib/books/daglib/0072762},
  bibsource = {dblp computer science bibliography, http://dblp.org}
}

@book{cormen2009introduction,
	title={Introduction to algorithms},
	author={Cormen, Thomas H},
	year={2009},
	publisher={MIT press}
}

@article{carniellifuncoes,
	title={Funções Computáveis, Lógica e os Fundamentos da Matemática.[Sl]: Editora FAPESP, 2005},
	author={CARNIELLI, W and EPSTEIN, R Computabilidade}
}

@book{rost2009opengl,
	title={OpenGL shading language},
	author={Rost, Randi J and Licea-Kane, Bill and Ginsburg, Dan and Kessenich, John and Lichtenbelt, Barthold and Malan, Hugh and Weiblen, Mike},
	year={2009},
	publisher={Pearson Education}
}

@inproceedings{kiczales1997aspect,
	title={Aspect-oriented programming},
	author={Kiczales, Gregor and Lamping, John and Mendhekar, Anurag and Maeda, Chris and Lopes, Cristina and Loingtier, Jean-Marc and Irwin, John},
	booktitle={European conference on object-oriented programming},
	pages={220--242},
	year={1997},
	organization={Springer}
}

@book{fowler2010domain,
	title={Domain-specific languages},
	author={Fowler, Martin},
	year={2010},
	publisher={Pearson Education}
}

@book{aho1977principles,
	title={Principles of Compiler Design (Addison-Wesley series in computer science and information processing)},
	author={Aho, Alfred V and Ullman, Jeffrey D},
	year={1977},
	publisher={Addison-Wesley Longman Publishing Co., Inc.}
}

@book{sipser2006introduction,
	title={Introduction to the Theory of Computation},
	author={Sipser, Michael},
	volume={2},
	year={2006},
	publisher={Thomson Course Technology Boston}
}
